<record><leader>00000cas a22000007a 4500</leader><controlfield tag="001">12396497</controlfield><controlfield tag="008">850817d1836183upauwr ne      0    0eng d</controlfield><datafield ind1=" " ind2=" " tag="010"><subfield code="a">sn 85038430 </subfield></datafield><datafield ind1=" " ind2=" " tag="040"><subfield code="a">NPY</subfield><subfield code="b">eng</subfield><subfield code="c">NPY</subfield><subfield code="d">OCLCQ</subfield></datafield><datafield ind1=" " ind2=" " tag="042"><subfield code="a">msc</subfield></datafield><datafield ind1="0" ind2="0" tag="245"><subfield code="a">New Castle intelligencer.</subfield></datafield><datafield ind1=" " ind2=" " tag="260"><subfield code="a">New Castle, Pa. :</subfield><subfield code="b">J.W. Cunningham</subfield></datafield><datafield ind1=" " ind2=" " tag="300"><subfield code="a">v. ;</subfield><subfield code="c">56 cm.</subfield></datafield><datafield ind1=" " ind2=" " tag="310"><subfield code="a">Weekly</subfield></datafield><datafield ind1="1" ind2=" " tag="362"><subfield code="a">Began with Aug. 11, 1836.</subfield></datafield><datafield ind1=" " ind2=" " tag="500"><subfield code="a">Publisher: N.E. Wallace, May &lt;25&gt;, 1837-&lt;June 1837&gt;.</subfield></datafield><datafield ind1=" " ind2=" " tag="515"><subfield code="a">No issue published for Aug. 18, 1836.</subfield></datafield><datafield ind1=" " ind2=" " tag="588"><subfield code="a">Description based on: Vol. 1, no. 2 (Aug. 25, 1836).</subfield></datafield><datafield ind1=" " ind2=" " tag="752"><subfield code="a">United States</subfield><subfield code="b">Pennsylvania</subfield><subfield code="c">Lawrence</subfield><subfield code="d">New Castle.</subfield></datafield></record>